<record><leader>00000cas a22000007a 4500</leader><controlfield tag="001">12057284</controlfield><controlfield tag="008">850520d18931896wiuwr ne      0    0eng d</controlfield><datafield ind1=" " ind2=" " tag="010"><subfield code="a">sn 85040612 </subfield></datafield><datafield ind1=" " ind2=" " tag="040"><subfield code="a">NPV</subfield><subfield code="b">eng</subfield><subfield code="c">NPV</subfield><subfield code="d">OCLCQ</subfield></datafield><datafield ind1=" " ind2=" " tag="042"><subfield code="a">msc</subfield></datafield><datafield ind1=" " ind2=" " tag="045"><subfield code="a">w9w9</subfield></datafield><datafield ind1=" " ind2=" " tag="052"><subfield code="a">4123</subfield><subfield code="b">V5</subfield></datafield><datafield ind1="0" ind2="0" tag="245"><subfield code="a">Eagle River Democrat.</subfield></datafield><datafield ind1=" " ind2=" " tag="260"><subfield code="a">Eagle River, Vilas County, Wis. :</subfield><subfield code="b">Democrat Printing,</subfield><subfield code="c">1893-1896.</subfield></datafield><datafield ind1=" " ind2=" " tag="300"><subfield code="a">4 v. :</subfield><subfield code="b">ill.</subfield></datafield><datafield ind1=" " ind2=" " tag="310"><subfield code="a">Weekly</subfield></datafield><datafield ind1="0" ind2=" " tag="362"><subfield code="a">1st year, no. 1 (Apr. 22, 1893)-4th year, no. 17 (Aug. 3, 1896).</subfield></datafield><datafield ind1=" " ind2=" " tag="500"><subfield code="a">Publisher varies.</subfield></datafield><datafield ind1=" " ind2=" " tag="500"><subfield code="a">Editors: J.R. Howe, Apr.-Aug. 1893.--G.W. Small, Oct. 1893-Feb. 1894.--R.G. Sherwood, June 1894-Jan. 1895.--C.F. Colman, Jan. 1895-Aug. 1896.</subfield></datafield><datafield ind1=" " ind2=" " tag="530"><subfield code="a">Available on microfilm from The State Historical Society of Wisconsin.</subfield></datafield><datafield ind1=" " ind2=" " tag="752"><subfield code="a">United States</subfield><subfield code="b">Wisconsin</subfield><subfield code="c">Vilas</subfield><subfield code="d">Eagle River.</subfield></datafield><datafield ind1="0" ind2="0" tag="785"><subfield code="t">Vilas County news</subfield><subfield code="w">(DLC)sn 85040613</subfield></datafield><datafield ind1="1" ind2=" " tag="029"><subfield code="a">AU@</subfield><subfield code="b">000025802842</subfield></datafield></record>